<record><leader>00000cas a22000007a 4500</leader><controlfield tag="001">12121256</controlfield><controlfield tag="008">850605d19151958wiuwr ne      0    0eng d</controlfield><datafield ind1=" " ind2=" " tag="010"><subfield code="a">sn 85040782 </subfield></datafield><datafield ind1=" " ind2=" " tag="040"><subfield code="a">NPV</subfield><subfield code="b">eng</subfield><subfield code="c">NPV</subfield><subfield code="d">OCLCQ</subfield></datafield><datafield ind1=" " ind2=" " tag="042"><subfield code="a">msc</subfield></datafield><datafield ind1=" " ind2=" " tag="045"><subfield code="a">x1x5</subfield></datafield><datafield ind1=" " ind2=" " tag="052"><subfield code="a">4123</subfield><subfield code="b">C7</subfield></datafield><datafield ind1="0" ind2=" " tag="130"><subfield code="a">Wauzeka chief (Wauzeka, Wis.)</subfield></datafield><datafield ind1="1" ind2="4" tag="245"><subfield code="a">The Wauzeka chief.</subfield></datafield><datafield ind1="1" ind2="3" tag="246"><subfield code="a">Kickapoo chief</subfield></datafield><datafield ind1=" " ind2=" " tag="260"><subfield code="a">Wauzeka, Crawford County, Wis. :</subfield><subfield code="b">O.P. Vaughan,</subfield><subfield code="c">-1958.</subfield></datafield><datafield ind1=" " ind2=" " tag="300"><subfield code="a">v. :</subfield><subfield code="b">ill.</subfield></datafield><datafield ind1=" " ind2=" " tag="310"><subfield code="a">Weekly</subfield></datafield><datafield ind1="0" ind2=" " tag="362"><subfield code="a">-v. 64, no. 8 (Feb. 20, 1958).</subfield></datafield><datafield ind1="1" ind2=" " tag="362"><subfield code="a">Began in 1915.</subfield><subfield code="z">Cf. Oehlerts, d. Guide to Wis. newspapers.</subfield></datafield><datafield ind1=" " ind2=" " tag="500"><subfield code="a">"Also known as the Kickapoo Chief."</subfield></datafield><datafield ind1=" " ind2=" " tag="500"><subfield code="a">Publisher varies.</subfield></datafield><datafield ind1=" " ind2=" " tag="500"><subfield code="a">Editors: D.J. Craig, Sept. 22, 1955-Feb. 20, 1958.</subfield></datafield><datafield ind1=" " ind2=" " tag="530"><subfield code="a">Available on microfilm from The State Historical Society of Wisconsin.</subfield></datafield><datafield ind1=" " ind2=" " tag="580"><subfield code="a">Continues: Kickapoo chief. Cf. Oehlerts, D. Guide to Wis. newspapers.</subfield></datafield><datafield ind1=" " ind2=" " tag="588"><subfield code="a">Description based on: Vol. 28, no. 1 (Sept. 15, 1921).</subfield></datafield><datafield ind1=" " ind2=" " tag="752"><subfield code="a">United States</subfield><subfield code="b">Wisconsin</subfield><subfield code="c">Crawford</subfield><subfield code="d">Wauzeka.</subfield></datafield><datafield ind1="1" ind2="0" tag="780"><subfield code="t">Kickapoo chief</subfield><subfield code="w">(DLC)sn 85040781</subfield></datafield><datafield ind1="0" ind2="0" tag="785"><subfield code="t">Wauzeka Kickapoo chief</subfield><subfield code="w">(DLC)sn 85040783</subfield></datafield></record>